%% This BibTeX bibliography file was created using BibDesk.
%% https://bibdesk.sourceforge.io/

%% Created for Kailin Zhang at 2023-05-15 22:47:10 +1000 


%% Saved with string encoding Unicode (UTF-8) 



@misc{AT2,
	author = {Atlassian},
	date-added = {2023-05-15 22:26:34 +1000},
	date-modified = {2023-05-15 22:27:05 +1000},
	note = {See \url{https://www.atlassian.com/git/tutorials/using-branches/merge-conflicts}},
	title = {Git merge conflicts},
	year = {2023}}

@misc{AT,
	author = {Atlassian},
	date-added = {2023-05-15 22:25:44 +1000},
	date-modified = {2023-05-15 22:26:32 +1000},
	note = {See \url{https://www.atlassian.com/git/tutorials/what-is-git}},
	title = {What is Git},
	year = {2023}}

@misc{Tabnine,
	author = {Tabnine Team},
	date-added = {2023-05-15 22:24:19 +1000},
	date-modified = {2023-05-15 22:25:41 +1000},
	note = {See \url{https://www.tabnine.com/blog/visual-studio-code-really-the-best-code-editor/}},
	title = {Is Visual Studio Code Really The Best Code Editor?},
	year = {2021}}

@misc{VG,
	author = {vgherard},
	date-added = {2023-05-15 22:23:16 +1000},
	date-modified = {2023-05-15 22:24:12 +1000},
	note = {See \url{https://www.r-bloggers.com/}},
	title = {Model Misspecification and Linear Sandwiches},
	year = {2023}}

@misc{Tableau,
	author = {Tableau},
	date-added = {2023-05-15 22:21:34 +1000},
	date-modified = {2023-05-15 22:23:12 +1000},
	keywords = {2023},
	note = {See \url{https://help.tableau.com/current/guides/get-started-tutorial/zh-cn/get-started-tutorial-home.htm}},
	title = {Getting Started with Tableau Desktop}}

@misc{Jianshu,
	author = {Zhouyunlaijiushiwo},
	date-added = {2023-05-15 22:20:39 +1000},
	date-modified = {2023-05-15 22:21:29 +1000},
	note = {See \url{https://www.jianshu.com/p/b8b4b44bb352}},
	title = {Introduction to RStudio},
	year = {2020}}

@misc{B,
	author = {Bkash},
	date-added = {2023-05-15 22:18:53 +1000},
	date-modified = {2023-05-15 22:46:53 +1000},
	note = {See \url{https://community.rstudio.com/t/a-version-of-this-package-for-your-version-of-r-might-be-available-elsewhere/166309}},
	title = {A version of this package for your version of R might be available},
	year = {2023}}

@misc{Sys,
	author = {System Weakness},
	date-added = {2023-05-15 12:28:41 +1000},
	date-modified = {2023-05-15 12:30:18 +1000},
	note = {See \url{https:https://systemweakness.com/hacking-tools-john-the-ripper-806a196e3af5/}},
	title = {Hacking Tools: John the Ripper}}

@misc{Open,
	author = {GitHub},
	date-added = {2023-05-15 12:14:43 +1000},
	date-modified = {2023-05-15 12:24:44 +1000},
	note = {See \url{https://github.com/openwall/john}},
	title = {John the Ripper password cracker}}

@misc{DI,
	author = {TechQuintal},
	date-added = {2023-05-15 12:07:17 +1000},
	date-modified = {2023-05-15 12:27:57 +1000},
	note = {"See \url{https://www.techquintal.com/advantages-and-disadvantages-of-kali-linux/}"},
	title = {Advantages and Disadvantages of Kali Linux}}

@misc{AD,
	author = {javatpoint},
	date-added = {2023-05-15 12:04:31 +1000},
	date-modified = {2023-05-15 12:07:15 +1000},
	keywords = {See \url{https://www.javatpoint.com/advantages-and-disadvantages-of-kali-linux}},
	title = {Advantages and Disadvantages of Kali Linux},
	year = {2023}}

@misc{OS,
	author = {Offensive Security},
	date-added = {2023-05-15 12:00:12 +1000},
	date-modified = {2023-05-15 12:04:24 +1000},
	note = {See \url{https://www.kali.org/}},
	title = {Kali Linux},
	year = {2023}}

@misc{VCS2,
	author = {Brightest},
	date-added = {2023-05-11 14:23:27 +1000},
	date-modified = {2023-05-11 14:25:02 +1000},
	keywords = {"See \url{https://www.brightest.be/business/6-advantages-of-version-control-systems/.}"},
	title = {"Advantages of Version Control Systems"},
	year = {2023}}

@misc{VCS1,
	author = {Atlassian},
	date-added = {2023-05-11 14:22:52 +1000},
	date-modified = {2023-05-11 14:23:25 +1000},
	keywords = {"See \url{https://www.atlassian.com/git/tutorials/what-is-version-control.}"},
	title = {"What is version control?"},
	year = {2023}}

@misc{IDE2,
	author = {Codecademy},
	date-added = {2023-05-11 14:21:51 +1000},
	date-modified = {2023-05-11 14:22:46 +1000},
	keywords = {"See \url{https://www.codecademy.com/article/what-is-an-ide.}"},
	title = {"What Is an IDE?,"},
	year = {2023}}

@misc{IDE1,
	author = {Salfarisi},
	date-added = {2023-05-11 14:18:08 +1000},
	date-modified = {2023-05-11 14:34:44 +1000},
	note = {"See \url{https://salfarisi25.wordpress.com/2010/12/22/advantage-and-disadvantage-of-using-ide/.}"},
	title = {"Advantage and Disadvantage of Using IDE"},
	year = {2010}}

@misc{usyd1,
	author = {{The University of Sydney}},
	note = {See \url{https://libguides.library.usyd.edu.au/ld.php?content\_id=47913440}},
	title = {{APA} Referencing Style (6th Edition)},
	year = 2022}

@misc{usyd2,
	author = {{The University of Sydney}},
	note = {See \url{https://libguides.library.usyd.edu.au/c.php?g=508212}},
	title = {Referencing and Citation Styles: {IEEE}},
	year = 2022}

@misc{sfia,
	author = {{SFIA}},
	note = {See \url{https://sfia-online.org/en/sfia-8/all-skills-a-z}},
	title = {The global skills and competency framework for the digital world},
	year = 2022}
